<?xml version="1.0" encoding="UTF-8"?><collection xmlns="http://www.loc.gov/MARC21/slim"><record><leader>00660nam--2200193-i-4500</leader><controlfield tag="001">000016822</controlfield><controlfield tag="002">20161230</controlfield><controlfield tag="005">20170206184448</controlfield><controlfield tag="008">060222s1000------------r-----000-0-eng-d</controlfield><datafield ind1=" " ind2=" " tag="040"><subfield code="a">IFIN-HH</subfield></datafield><datafield ind1=" " ind2=" " tag="080"><subfield code="a">514.7(061.3)</subfield></datafield><datafield ind1="1" ind2=" " tag="100"><subfield code="a">Bongaarts, P. J. M</subfield></datafield><datafield ind1="1" ind2="0" tag="245"><subfield code="a">Lecture notes in physics. Vol. 311. Complex differential geometry and supermanifolds in strings and fields. Proceedings, scheveningen, the Netherlands 1987</subfield><subfield code="c">P.J.M. Bongaarts, R. Martini (eds.)</subfield></datafield><datafield ind1=" " ind2=" " tag="260"><subfield code="a">Berlin</subfield><subfield code="b">Springer-Verlag</subfield><subfield code="c">1988</subfield></datafield><datafield ind1=" " ind2=" " tag="300"><subfield code="a">IV + 252 p</subfield></datafield><datafield ind1=" " ind2=" " tag="490"><subfield code="a">Lecture Notes In Physics, 311</subfield></datafield><datafield ind1="1" ind2=" " tag="700"><subfield code="a">Martini, R</subfield><subfield code="e">Ed</subfield></datafield><datafield ind1=" " ind2=" " tag="852"><subfield code="a">33191</subfield><subfield code="c">53</subfield></datafield><datafield ind1=" " ind2=" " tag="CAT"><subfield code="a">SYS</subfield><subfield code="c">20170206</subfield><subfield code="h">184448</subfield></datafield></record></collection>